@article{wold2001pls,
    title={PLS-regression: a basic tool of chemometrics},
    author={Wold, Svante and Sj{\"o}str{\"o}m, Michael and Eriksson, Lennart},
    journal={Chemometrics and Intelligent Laboratory Systems},
    volume={58},
    number={2},
    pages={109--130},
    year={2001},
    publisher={Elsevier}
}

@article{chong2005performance,
    title={Performance of some variable selection methods when multicollinearity is present},
    author={Chong, Il-Gyo and Jun, Chi-Hyuck},
    journal={Chemometrics and Intelligent Laboratory Systems},
    volume={78},
    number={1-2},
    pages={103--112},
    year={2005},
    publisher={Elsevier}
}

@article{tonidandel2011relative,
    title={Relative Importance Analysis: A Useful Supplement to Regression Analysis},
    author={Tonidandel, Scott and LeBreton, James M},
    journal={Journal of Business and Psychology},
    volume={26},
    number={1},
    pages={1--9},
    year={2011},
    publisher={Springer}
}

@misc{marinucci2024pls,
    title={PLS-VIP and RWA Methods Comparison},
    author={Marinucci, Massimiliano},
    year={2024},
    howpublished={\url{https://github.com/m-marinucci/PLS_RWA}},
    note={GitHub repository}
} 